@article{IEEE-754,
	author={V Rajaraman},
	title={IEEE Standard for Floating Point Numbers},
	journal={Resonance},
	year=2016,
	month={January},
	url={https://www.ias.ac.in/article/fulltext/reso/021/01/0011-0030}
}

@online{minecraft-world,
	title = {World - Minecraft Wiki},
	url = {https://minecraft.fandom.com/wiki/World}
}

@online{spigot-mc,
	title = {Spigot},
	url = {https://www.spigotmc.org/}
}

@online{paper-mc,
	title = {PaperMC},
	url = {https://papermc.io/}
}

@online{worldguard,
	title = {WorldGuard},
	url = {https://dev.bukkit.org/projects/worldguard}
}